@online{GitHub,
  author = {Ахпашев, Р.В.},
  title = {Репозиторий преподавателя с материалами по практическим работам},
  year = {2025},
  url = {https://github.com/sibsutisTelecomDep/blog},
  urldate = {2025-05-20}
}

@online{Metanit,
  title = {Руководство по языку Kotlin},
  year = {2025},
  url = {https://metanit.com/kotlin/tutorial/},
  urldate = {2025-05-20}
}

@online{YouTube,
  title = {Видеохостинг YouTube},
  year = {2025},
  url = {https://youtube.com},
  note = {Материалы по Kotlin},
  urldate = {2025-05-20}
}